@InProceedings{LNS_paper,
author="Shaw, Paul",
editor="Maher, Michael and Puget, Jean-Francois",
title="Using Constraint Programming and Local Search Methods to Solve Vehicle Routing Problems",
booktitle="Principles and Practice of Constraint Programming --- CP98",
year="1998",
publisher="Springer Berlin Heidelberg"
}

@article{ALNS_paper,
author = {Ropke, Stefan and Pisinger, David},
year = {2006},
title = {An Adaptive Large Neighborhood Search Heuristic for the Pickup and Delivery Problem with Time Windows},
journal = {Transportation Science},
doi = {10.1287/trsc.1050.0135}
}

@Inbook{ALNS_book,
author= {Pisinger, David and Ropke, Stefan},
title={Large Neighborhood Search},
bookTitle={Handbook of Metaheuristics},
year={2010},
publisher={Springer US},
pages={399--419},
doi={10.1007/978-1-4419-1665-5_13}
}


@misc{github,
title = {GitHub Repository},
url = {https://github.com/rereee3/Item-Recovery-Problem-ALNS}
}